@article{Kirik2003,
  doi = {10.1023/b:mbil.0000008357.98784.63},
  year = {2003},
  month = nov,
  publisher = {Springer Science and Business Media {LLC}},
  volume = {37},
  number = {6},
  pages = {880--887},
  author = {I. A. Kirik and V. V. Zinchenko and S. V. Shestakov and M. M. Babykin},
  title = {In Cis and In Trans Autorepression of the {prqR} Gene in Cyanobacterium Synechocystis sp. {PCC} 6803},
  journal = {Molecular Biology}
}

@article{Chen2018,
  doi = {10.1038/s41467-017-02473-5},
  year = {2018},
  month = jan,
  publisher = {Springer Science and Business Media {LLC}},
  volume = {9},
  number = {1},
  author = {Ye Chen and Joanne M. L. Ho and David L. Shis and Chinmaya Gupta and James Long and Daniel S. Wagner and William Ott and Kre{\v{s}}imir Josi{\'{c}} and Matthew R. Bennett},
  title = {Tuning the dynamic range of bacterial promoters regulated by ligand-inducible transcription factors},
  journal = {Nature Communications}
}


@article{Kreslavski2007,
	author = {Kreslavski{\u \i}, V D and Fomina, I R and Kosobriukhov, A A and Herbert, S K and Babykin, M M and Biel, K Y},
	journal = {Biofizika},
	language = {rus},
	month = {Mar-Apr},
	number = {2},
	own = {NLM},
	pages = {277--286},
	pl = {Russia (Federation)},
	pmid = {17477055},
	title = {Effect of oxidative stress inductors on the photosynthetic apparatus in cyanobacterium \textit{Synechocystis sp.} PCC 6803 Prq20 mutant resistant to methyl viologen},
	volume = {52},
	year = {2007}}


@article{Khan2016,
  doi = {10.1038/srep32507},
  year = {2016},
  month = sep,
  publisher = {Springer Science and Business Media {LLC}},
  volume = {6},
  number = {1},
  author = {Rezaul Islam Khan and Yushu Wang and Shajia Afrin and Bing Wang and Yumin Liu and Xiaoqing Zhang and Lei Chen and Weiwen Zhang and Lin He and Gang Ma},
  title = {Transcriptional regulator {PrqR} plays a negative role in glucose metabolism and oxidative stress acclimation in Synechocystis sp. {PCC} 6803},
  journal = {Scientific Reports}
}

@incollection{Gordon2018,
  year = {2018},
  publisher = {Springer Singapore},
  pages = {281--315},
  author = {Gina C. Gordon and Brian F. Pfleger},
  title = {Regulatory Tools for Controlling Gene Expression in Cyanobacteria},
  booktitle = {Synthetic Biology of Cyanobacteria}
}